<record><leader>00000cas a22000007a 4500</leader><controlfield tag="001">10135524</controlfield><controlfield tag="008">831116c18929999wvuwr ne      0   a0eng d</controlfield><datafield ind1=" " ind2=" " tag="010"><subfield code="a">sn 83009966 </subfield></datafield><datafield ind1=" " ind2=" " tag="040"><subfield code="a">NSD</subfield><subfield code="b">eng</subfield><subfield code="c">NSD</subfield><subfield code="d">WVC</subfield><subfield code="d">OCL</subfield><subfield code="d">OCLCQ</subfield></datafield><datafield ind1=" " ind2=" " tag="012"><subfield code="m">1</subfield></datafield><datafield ind1="1" ind2=" " tag="022"><subfield code="a">0746-5882</subfield><subfield code="l">0746-5882</subfield><subfield code="2">1</subfield></datafield><datafield ind1=" " ind2=" " tag="032"><subfield code="a">220060</subfield><subfield code="b">USPS</subfield></datafield><datafield ind1=" " ind2=" " tag="037"><subfield code="b">Glenville Democrat Publishing Co., P.O. Box 430, Glenville, WV 26351</subfield></datafield><datafield ind1=" " ind2=" " tag="042"><subfield code="a">nsdp</subfield></datafield><datafield ind1=" " ind2="4" tag="222"><subfield code="a">The Glenville pathfinder</subfield></datafield><datafield ind1="0" ind2="4" tag="245"><subfield code="a">The Glenville pathfinder.</subfield></datafield><datafield ind1=" " ind2=" " tag="260"><subfield code="a">Glenville, W. Va. :</subfield><subfield code="b">Wat Warren</subfield></datafield><datafield ind1=" " ind2=" " tag="310"><subfield code="a">Fifty-one issues yearly</subfield></datafield><datafield ind1=" " ind2=" " tag="515"><subfield code="a">Suspended Sept. 11-Dec.,1959.</subfield></datafield><datafield ind1=" " ind2=" " tag="588"><subfield code="a">Description based on: Vol. 6, no. 49 (Aug. 4, 1898).</subfield></datafield><datafield ind1=" " ind2=" " tag="752"><subfield code="a">United States</subfield><subfield code="b">West Virginia</subfield><subfield code="c">Gilmer</subfield><subfield code="d">Glenville.</subfield></datafield></record>